%% This BibTeX bibliography file was created using BibDesk.
%% http://bibdesk.sourceforge.net/


%% Created for Tirhakah at 2013-12-03 21:23:57 +0000 


%% Saved with string encoding Unicode (UTF-8) 



@inproceedings{Chin:2012:MUC:2335356.2335358,
	Acmid = {2335358},
	Address = {New York, NY, USA},
	Articleno = {1},
	Author = {Chin, Erika and Felt, Adrienne Porter and Sekar, Vyas and Wagner, David},
	Booktitle = {Proceedings of the Eighth Symposium on Usable Privacy and Security},
	Date-Added = {2013-12-03 21:23:40 +0000},
	Date-Modified = {2013-12-03 21:23:40 +0000},
	Doi = {10.1145/2335356.2335358},
	Isbn = {978-1-4503-1532-6},
	Keywords = {application installation, laptop usage, mobile phone usage, smartphones},
	Location = {Washington, D.C.},
	Numpages = {16},
	Pages = {1:1--1:16},
	Publisher = {ACM},
	Series = {SOUPS '12},
	Title = {Measuring User Confidence in Smartphone Security and Privacy},
	Url = {http://doi.acm.org/10.1145/2335356.2335358},
	Year = {2012},
	Bdsk-Url-1 = {http://doi.acm.org/10.1145/2335356.2335358},
	Bdsk-Url-2 = {http://dx.doi.org/10.1145/2335356.2335358}}

@inproceedings{Patil:2012:RRR:2335356.2335363,
	Acmid = {2335363},
	Address = {New York, NY, USA},
	Articleno = {5},
	Author = {Patil, Sameer and Norcie, Greg and Kapadia, Apu and Lee, Adam J.},
	Booktitle = {Proceedings of the Eighth Symposium on Usable Privacy and Security},
	Date-Added = {2013-12-03 21:21:58 +0000},
	Date-Modified = {2013-12-03 21:21:58 +0000},
	Doi = {10.1145/2335356.2335363},
	Isbn = {978-1-4503-1532-6},
	Keywords = {check in, location sharing services, privacy},
	Location = {Washington, D.C.},
	Numpages = {15},
	Pages = {5:1--5:15},
	Publisher = {ACM},
	Series = {SOUPS '12},
	Title = {Reasons, Rewards, Regrets: Privacy Considerations in Location Sharing As an Interactive Practice},
	Url = {http://doi.acm.org/10.1145/2335356.2335363},
	Year = {2012},
	Bdsk-Url-1 = {http://doi.acm.org/10.1145/2335356.2335363},
	Bdsk-Url-2 = {http://dx.doi.org/10.1145/2335356.2335363}}

@inproceedings{Bravo-Lillo:2013:YAP:2501604.2501610,
	Acmid = {2501610},
	Address = {New York, NY, USA},
	Articleno = {6},
	Author = {Bravo-Lillo, Cristian and Komanduri, Saranga and Cranor, Lorrie Faith and Reeder, Robert W. and Sleeper, Manya and Downs, Julie and Schechter, Stuart},
	Booktitle = {Proceedings of the Ninth Symposium on Usable Privacy and Security},
	Date-Added = {2013-12-03 20:52:06 +0000},
	Date-Modified = {2013-12-03 20:52:06 +0000},
	Doi = {10.1145/2501604.2501610},
	Isbn = {978-1-4503-2319-2},
	Keywords = {attractors, dialogs, habituation, methodologies, usable security, warnings},
	Location = {Newcastle, United Kingdom},
	Numpages = {12},
	Pages = {6:1--6:12},
	Publisher = {ACM},
	Series = {SOUPS '13},
	Title = {Your Attention Please: Designing Security-decision UIs to Make Genuine Risks Harder to Ignore},
	Url = {http://doi.acm.org/10.1145/2501604.2501610},
	Year = {2013},
	Bdsk-Url-1 = {http://doi.acm.org/10.1145/2501604.2501610},
	Bdsk-Url-2 = {http://dx.doi.org/10.1145/2501604.2501610}}

@inproceedings{Schaub:2013:EDS:2501604.2501615,
	Acmid = {2501615},
	Address = {New York, NY, USA},
	Articleno = {11},
	Author = {Schaub, Florian and Walch, Marcel and K\"{o}nings, Bastian and Weber, Michael},
	Booktitle = {Proceedings of the Ninth Symposium on Usable Privacy and Security},
	Date-Added = {2013-12-03 20:50:22 +0000},
	Date-Modified = {2013-12-03 20:50:22 +0000},
	Doi = {10.1145/2501604.2501615},
	Isbn = {978-1-4503-2319-2},
	Keywords = {authentication, graphical passwords, mobile interaction, multitouch, shoulder surfing, smartphone, usability},
	Location = {Newcastle, United Kingdom},
	Numpages = {14},
	Pages = {11:1--11:14},
	Publisher = {ACM},
	Series = {SOUPS '13},
	Title = {Exploring the Design Space of Graphical Passwords on Smartphones},
	Url = {http://doi.acm.org/10.1145/2501604.2501615},
	Year = {2013},
	Bdsk-Url-1 = {http://doi.acm.org/10.1145/2501604.2501615},
	Bdsk-Url-2 = {http://dx.doi.org/10.1145/2501604.2501615}}

@inproceedings{Balebako:2013:LBW:2501604.2501616,
	Acmid = {2501616},
	Address = {New York, NY, USA},
	Articleno = {12},
	Author = {Balebako, Rebecca and Jung, Jaeyeon and Lu, Wei and Cranor, Lorrie Faith and Nguyen, Carolyn},
	Booktitle = {Proceedings of the Ninth Symposium on Usable Privacy and Security},
	Date-Added = {2013-12-03 20:48:14 +0000},
	Date-Modified = {2013-12-03 20:48:14 +0000},
	Doi = {10.1145/2501604.2501616},
	Isbn = {978-1-4503-2319-2},
	Keywords = {Android permissions, data sharing, just-in-time notifications, mobile, privacy, smartphones, usable privacy},
	Location = {Newcastle, United Kingdom},
	Numpages = {11},
	Pages = {12:1--12:11},
	Publisher = {ACM},
	Series = {SOUPS '13},
	Title = {"Little Brothers Watching You": Raising Awareness of Data Leaks on Smartphones},
	Url = {http://doi.acm.org/10.1145/2501604.2501616},
	Year = {2013},
	Bdsk-Url-1 = {http://doi.acm.org/10.1145/2501604.2501616},
	Bdsk-Url-2 = {http://dx.doi.org/10.1145/2501604.2501616}}
