%% This BibTeX bibliography file was created using BibDesk.
%% http://bibdesk.sourceforge.net/


%% Created for Tirhakah at 2013-11-12 12:54:07 +0000 


%% Saved with string encoding Unicode (UTF-8) 



@inproceedings{kaltenbrunner2007reactivision,
	Author = {Kaltenbrunner, Martin and Bencina, Ross},
	Booktitle = {Proceedings of the 1st international conference on Tangible and embedded interaction},
	Date-Added = {2013-11-12 12:49:30 +0000},
	Date-Modified = {2013-11-12 12:49:30 +0000},
	Organization = {ACM},
	Pages = {69--74},
	Title = {reacTIVision: a computer-vision framework for table-based tangible interaction},
	Year = {2007}}

@article{masinter1998rfc2324,
	Author = {Masinter, L},
	Date-Added = {2013-11-12 12:25:26 +0000},
	Date-Modified = {2013-11-12 12:25:26 +0000},
	Journal = {Network Working Group},
	Title = {RFC2324: Hyper Text Coffee Pot Control Protocol (HTCPCP/1.0)},
	Volume = {1},
	Year = {1998}}

@article{das2002role,
	Author = {Das, Sajal K and Cook, Diane J and Battacharya, Amiya and Heierman III, Edwin O and Lin, Tze-Yun},
	Date-Added = {2013-11-12 12:23:34 +0000},
	Date-Modified = {2013-11-12 12:23:34 +0000},
	Journal = {Wireless Communications, IEEE},
	Number = {6},
	Pages = {77--84},
	Publisher = {IEEE},
	Title = {The role of prediction algorithms in the MavHome smart home architecture},
	Volume = {9},
	Year = {2002}}

@inproceedings{zheng2008human,
	Author = {Zheng, Huiru and Wang, Haiying and Black, Norman},
	Booktitle = {Networking, Sensing and Control, 2008. ICNSC 2008. IEEE International Conference on},
	Date-Added = {2013-11-12 12:22:55 +0000},
	Date-Modified = {2013-11-12 12:22:55 +0000},
	Organization = {IEEE},
	Pages = {1505--1510},
	Title = {Human activity detection in smart home environment with self-adaptive neural networks},
	Year = {2008}}

@article{weiser1999origins,
	Author = {Weiser, Mark and Gold, Rich and Brown, John Seely},
	Date-Added = {2013-11-12 12:05:58 +0000},
	Date-Modified = {2013-11-12 12:05:58 +0000},
	Journal = {IBM systems journal},
	Number = {4},
	Pages = {693--696},
	Publisher = {IBM},
	Title = {The origins of ubiquitous computing research at PARC in the late 1980s},
	Volume = {38},
	Year = {1999}}

@inproceedings{Lorenz:2009:UHD:1613858.1613882,
	Acmid = {1613882},
	Address = {New York, NY, USA},
	Articleno = {18},
	Author = {Lorenz, Andreas and De Castro, Clara Fernandez and Rukzio, Enrico},
	Booktitle = {Proceedings of the 11th International Conference on Human-Computer Interaction with Mobile Devices and Services},
	Date-Added = {2013-11-12 11:43:41 +0000},
	Date-Modified = {2013-11-12 11:43:41 +0000},
	Doi = {10.1145/1613858.1613882},
	Isbn = {978-1-60558-281-8},
	Keywords = {interaction with handheld devices, mobile interaction with displays, remote interaction in home environments},
	Location = {Bonn, Germany},
	Numpages = {10},
	Pages = {18:1--18:10},
	Publisher = {ACM},
	Series = {MobileHCI '09},
	Title = {Using handheld devices for mobile interaction with displays in home environments},
	Url = {http://doi.acm.org/10.1145/1613858.1613882},
	Year = {2009},
	Bdsk-Url-1 = {http://doi.acm.org/10.1145/1613858.1613882},
	Bdsk-Url-2 = {http://dx.doi.org/10.1145/1613858.1613882}}

@article{palmer2010bluetooth,
	Author = {Palmer, Freya and Fatah gen Schieck, Ava and O'Neill, Eamonn},
	Date-Added = {2013-11-12 11:04:03 +0000},
	Date-Modified = {2013-11-12 11:04:03 +0000},
	Journal = {Designing for Performative Interactions in Public Spaces (UbiComp 2010)},
	Publisher = {University of Bath},
	Title = {Bluetooth enabled performative interactions in public spaces},
	Year = {2010}}

@article{o2010older,
	Author = {O'Neill, Eamonn and Collomosse, John and Jay, Tim and Yousef, Kharsim and Rieser, Martin and Jones, Simon},
	Date-Added = {2013-11-12 10:54:47 +0000},
	Date-Modified = {2013-11-12 10:54:47 +0000},
	Journal = {Vehicular Technology Magazine, IEEE},
	Number = {1},
	Pages = {31--38},
	Publisher = {IEEE},
	Title = {Older User Experience},
	Volume = {5},
	Year = {2010}}

@inproceedings{Surie:2012:SHE:2469451.2469943,
	Acmid = {2469943},
	Address = {Washington, DC, USA},
	Author = {Surie, Dipak and Pederson, Thomas and Janlert, Lars-Erik},
	Booktitle = {Proceedings of the 2012 IEEE 15th International Conference on Computational Science and Engineering},
	Date-Added = {2013-11-11 22:07:12 +0000},
	Date-Modified = {2013-11-11 22:07:12 +0000},
	Doi = {10.1109/ICCSE.2012.94},
	Isbn = {978-0-7695-4914-9},
	Keywords = {Egocentric Interaction, Ubiquitous Computing, Human-Computer Interaction, Context-Aware Computing, Smart Home, Human Experience},
	Numpages = {10},
	Pages = {656--665},
	Publisher = {IEEE Computer Society},
	Series = {CSE '12},
	Title = {A Smart Home Experience Using Egocentric Interaction Design Principles},
	Url = {http://dx.doi.org/10.1109/ICCSE.2012.94},
	Year = {2012},
	Bdsk-Url-1 = {http://dx.doi.org/10.1109/ICCSE.2012.94}}

@inproceedings{Vazquez:2004:IMP:1031419.1031437,
	Acmid = {1031437},
	Address = {New York, NY, USA},
	Author = {V\'{a}zquez, Juan Ignacio and de Ipi\~{n}a, Diego L\'{o}pez},
	Booktitle = {Proceedings of the 2nd European Union symposium on Ambient intelligence},
	Date-Added = {2013-11-11 22:06:00 +0000},
	Date-Modified = {2013-11-11 22:06:00 +0000},
	Doi = {10.1145/1031419.1031437},
	Isbn = {1-58113-992-6},
	Keywords = {active influence, ambient intelligence, environment, passive influence},
	Location = {Eindhoven, Netherlands},
	Numpages = {4},
	Pages = {71--74},
	Publisher = {ACM},
	Series = {EUSAI '04},
	Title = {An interaction model for passively influencing the environment},
	Url = {http://doi.acm.org/10.1145/1031419.1031437},
	Year = {2004},
	Bdsk-Url-1 = {http://doi.acm.org/10.1145/1031419.1031437},
	Bdsk-Url-2 = {http://dx.doi.org/10.1145/1031419.1031437}}

@inproceedings{Mandiliotis:2013:SIH:2526481.2526496,
	Acmid = {2526496},
	Address = {Berlin, Heidelberg},
	Author = {Mandiliotis, Dimitris and Toumpas, Kostas and Kyprioti, Katerina and Kaza, Kiki and Barroso, Jo\~{a}o and Hadjileontiadis, Leontios J.},
	Booktitle = {Proceedings of the 7th international conference on Universal Access in Human-Computer Interaction: user and context diversity - Volume 2},
	Date-Added = {2013-11-11 22:01:00 +0000},
	Date-Modified = {2013-11-11 22:15:00 +0000},
	Doi = {10.1007/978-3-642-39191-0_14},
	Isbn = {978-3-642-39190-3},
	Keywords = {EEG, GPS tracking, alzheimer's community, alzheimer's disease, augmented reality, cloud database, holistic approach, kinect games, novel environment},
	Location = {Las Vegas, NV},
	Numpages = {10},
	Pages = {123--132},
	Publisher = {Springer-Verlag},
	Series = {UAHCI'13},
	Title = {Symbiosis: an innovative human-computer interaction environment for alzheimer's support},
	Url = {http://dx.doi.org/10.1007/978-3-642-39191-0\_14},
	Year = {2013},
	Bdsk-Url-1 = {http://dx.doi.org/10.1007/978-3-642-39191-0_14}}

@inproceedings{Heidrich:2013:DIS:2459236.2459248,
	Acmid = {2459248},
	Address = {New York, NY, USA},
	Author = {Heidrich, Felix and Golod, Ivan and Russell, Peter and Ziefle, Martina},
	Booktitle = {Proceedings of the 4th Augmented Human International Conference},
	Date-Added = {2013-11-11 21:57:08 +0000},
	Date-Modified = {2013-11-11 21:57:08 +0000},
	Doi = {10.1145/2459236.2459248},
	Isbn = {978-1-4503-1904-1},
	Keywords = {device-free interaction, domestic technologies, gestures, home automation, pie menu, smart homes},
	Location = {Stuttgart, Germany},
	Numpages = {4},
	Pages = {65--68},
	Publisher = {ACM},
	Series = {AH '13},
	Title = {Device-free interaction in smart domestic environments},
	Url = {http://doi.acm.org/10.1145/2459236.2459248},
	Year = {2013},
	Bdsk-Url-1 = {http://doi.acm.org/10.1145/2459236.2459248},
	Bdsk-Url-2 = {http://dx.doi.org/10.1145/2459236.2459248}}

@inproceedings{Weingarten:2010:TMI:1858171.1858255,
	Acmid = {1858255},
	Address = {New York, NY, USA},
	Author = {Weingarten, Florian and Blumendorf, Marco and Albayrak, Sahin},
	Booktitle = {Proceedings of the 8th ACM Conference on Designing Interactive Systems},
	Date-Added = {2013-11-11 21:54:28 +0000},
	Date-Modified = {2013-11-11 21:54:28 +0000},
	Doi = {10.1145/1858171.1858255},
	Isbn = {978-1-4503-0103-9},
	Keywords = {UI design, human-computer interaction, multimodal interaction, smart environment, smart home, user interface},
	Location = {Aarhus, Denmark},
	Numpages = {4},
	Pages = {430--433},
	Publisher = {ACM},
	Series = {DIS '10},
	Title = {Towards multimodal interaction in smart home environments: the home operating system},
	Url = {http://doi.acm.org/10.1145/1858171.1858255},
	Year = {2010},
	Bdsk-Url-1 = {http://doi.acm.org/10.1145/1858171.1858255},
	Bdsk-Url-2 = {http://dx.doi.org/10.1145/1858171.1858255}}

@article{Minker:2009:RSL:1735821.1735825,
	Acmid = {1735825},
	Address = {Amsterdam, The Netherlands, The Netherlands},
	Author = {Minker, Wolfgang and L\'{o}pez-C\'{o}zar, Ram\'{o}n and Mctear, Michael},
	Date-Added = {2013-11-11 21:53:27 +0000},
	Date-Modified = {2013-11-11 21:53:27 +0000},
	Issn = {1876-1364},
	Issue_Date = {January 2009},
	Journal = {J. Ambient Intell. Smart Environ.},
	Keywords = {Speech, Spoken Dialogue System, information access, mobile devices},
	Month = jan,
	Number = {1},
	Numpages = {6},
	Pages = {31--36},
	Publisher = {IOS Press},
	Title = {The role of spoken language dialogue interaction in intelligent environments},
	Url = {http://dl.acm.org/citation.cfm?id=1735821.1735825},
	Volume = {1},
	Year = {2009},
	Bdsk-Url-1 = {http://dl.acm.org/citation.cfm?id=1735821.1735825}}

@inproceedings{Streitz:2006:HIH:1783789.1783791,
	Acmid = {1783791},
	Address = {Berlin, Heidelberg},
	Author = {Streitz, Norbert A.},
	Booktitle = {Proceedings of the 9th conference on User interfaces for all},
	Date-Added = {2013-11-11 21:52:06 +0000},
	Date-Modified = {2013-11-11 21:52:06 +0000},
	Isbn = {978-3-540-71024-0},
	Location = {K\&\#246;nigswinter, Germany},
	Numpages = {11},
	Pages = {3--13},
	Publisher = {Springer-Verlag},
	Series = {ERCIM'06},
	Title = {From human-computer interaction to human-environment interaction: ambient intelligence and the disappearing computer},
	Url = {http://dl.acm.org/citation.cfm?id=1783789.1783791},
	Year = {2007},
	Bdsk-Url-1 = {http://dl.acm.org/citation.cfm?id=1783789.1783791}}

@inproceedings{Harrison:2009:ECI:1570433.1570456,
	Acmid = {1570456},
	Address = {New York, NY, USA},
	Author = {Harrison, Michael D. and Massink, Mieke and Latella, Diego},
	Booktitle = {Proceedings of the 1st ACM SIGCHI symposium on Engineering interactive computing systems},
	Date-Added = {2013-11-11 21:50:28 +0000},
	Date-Modified = {2013-11-11 21:50:28 +0000},
	Doi = {10.1145/1570433.1570456},
	Isbn = {978-1-60558-600-7},
	Keywords = {dynamic signage systems, formal methods, performance evaluation, process algebra, usability analysis},
	Location = {Pittsburgh, PA, USA},
	Numpages = {6},
	Pages = {117--122},
	Publisher = {ACM},
	Series = {EICS '09},
	Title = {Engineering crowd interaction within smart environments},
	Url = {http://doi.acm.org/10.1145/1570433.1570456},
	Year = {2009},
	Bdsk-Url-1 = {http://doi.acm.org/10.1145/1570433.1570456},
	Bdsk-Url-2 = {http://dx.doi.org/10.1145/1570433.1570456}}

@inproceedings{Nguyen:2006:MSV:1180639.1180732,
	Acmid = {1180732},
	Address = {New York, NY, USA},
	Author = {Nguyen, Quoc and Novakowski, Scott and Boyd, Jeffrey E. and Jacob, Christian and Hushlak, Gerald},
	Booktitle = {Proceedings of the 14th annual ACM international conference on Multimedia},
	Date-Added = {2013-11-11 21:47:46 +0000},
	Date-Modified = {2013-11-11 21:47:46 +0000},
	Doi = {10.1145/1180639.1180732},
	Isbn = {1-59593-447-2},
	Keywords = {art installation, audience interaction, interaction through video, motion analysis, motion history image, swarm art},
	Location = {Santa Barbara, CA, USA},
	Numpages = {9},
	Pages = {461--469},
	Publisher = {ACM},
	Series = {MULTIMEDIA '06},
	Title = {Motion swarms: video interaction for art in complex environments},
	Url = {http://doi.acm.org/10.1145/1180639.1180732},
	Year = {2006},
	Bdsk-Url-1 = {http://doi.acm.org/10.1145/1180639.1180732},
	Bdsk-Url-2 = {http://dx.doi.org/10.1145/1180639.1180732}}

@inproceedings{Davies:2009:UBD:1555816.1555832,
	Acmid = {1555832},
	Address = {New York, NY, USA},
	Author = {Davies, Nigel and Friday, Adrian and Newman, Peter and Rutlidge, Sarah and Storz, Oliver},
	Booktitle = {Proceedings of the 7th international conference on Mobile systems, applications, and services},
	Date-Added = {2013-11-11 21:38:43 +0000},
	Date-Modified = {2013-11-11 21:38:43 +0000},
	Doi = {10.1145/1555816.1555832},
	Isbn = {978-1-60558-566-6},
	Keywords = {bluetooth, pervasive computing, public displays},
	Location = {Krak\&\#243;w, Poland},
	Numpages = {14},
	Pages = {151--164},
	Publisher = {ACM},
	Series = {MobiSys '09},
	Title = {Using bluetooth device names to support interaction in smart environments},
	Url = {http://doi.acm.org/10.1145/1555816.1555832},
	Year = {2009},
	Bdsk-Url-1 = {http://doi.acm.org/10.1145/1555816.1555832},
	Bdsk-Url-2 = {http://dx.doi.org/10.1145/1555816.1555832}}

@article{Shafer:2001:IIC:1463108.1463124,
	Acmid = {1463124},
	Address = {Hillsdale, NJ, USA},
	Author = {Shafer, Steven A. N. and Brumitt, Barry and Cadiz, J. J.},
	Date-Added = {2013-11-11 21:36:08 +0000},
	Date-Modified = {2013-11-11 22:14:12 +0000},
	Doi = {\url{10.1207/S15327051HCI16234_16}},
	Issn = {0737-0024},
	Issue_Date = {December 2001},
	Journal = {Hum.-Comput. Interact.},
	Month = dec,
	Number = {2},
	Numpages = {16},
	Pages = {363--378},
	Publisher = {L. Erlbaum Associates Inc.},
	Title = {Interaction issues in context-aware intelligent environments},
	Url = {http://dx.doi.org/10.1207/S15327051HCI16234\_16},
	Volume = {16},
	Year = {2001},
	Bdsk-Url-1 = {http://dx.doi.org/10.1207/S15327051HCI16234_16}}

@inproceedings{Carrino:2013:FGH:2530824.2530844,
	Acmid = {2530844},
	Address = {Berlin, Heidelberg},
	Author = {Carrino, Stefano and Caon, Maurizio and Abou Khaled, Omar and Ingold, Rolf and Mugellini, Elena},
	Booktitle = {Proceedings of the 15th international conference on Human-Computer Interaction: interaction modalities and techniques - Volume Part IV},
	Date-Added = {2013-11-11 21:33:41 +0000},
	Date-Modified = {2013-11-11 22:14:30 +0000},
	Doi = {10.1007/978-3-642-39330-3\_18},
	Isbn = {978-3-642-39329-7},
	Keywords = {functional gestures, human-computer interaction, natural interaction, pervasive computing},
	Location = {Las Vegas, NV},
	Numpages = {10},
	Pages = {167--176},
	Publisher = {Springer-Verlag},
	Series = {HCI'13},
	Title = {Functional gestures for human-environment interaction},
	Url = {http://dx.doi.org/10.1007/978-3-642-39330-3\_18},
	Year = {2013},
	Bdsk-Url-1 = {http://dx.doi.org/10.1007/978-3-642-39330-3_18}}

@inproceedings{Schmidt:2002:UIU:1765426.1765451,
	Acmid = {1765451},
	Address = {Berlin, Heidelberg},
	Author = {Schmidt, Albrecht and Strohbach, Martin and van Laerhoven, Kristof and Gellersen, Hans-W.},
	Booktitle = {Proceedings of the User interfaces for all 7th international conference on Universal access: theoretical perspectives, practice, and experience},
	Date-Added = {2013-11-11 21:31:37 +0000},
	Date-Modified = {2013-11-11 21:31:37 +0000},
	Isbn = {3-540-00855-1},
	Location = {Paris, France},
	Numpages = {17},
	Pages = {263--279},
	Publisher = {Springer-Verlag},
	Series = {ERCIM'02},
	Title = {Ubiquitous interaction - using surfaces in everyday environments as pointing devices},
	Url = {http://dl.acm.org/citation.cfm?id=1765426.1765451},
	Year = {2003},
	Bdsk-Url-1 = {http://dl.acm.org/citation.cfm?id=1765426.1765451}}

@inproceedings{Carrino:2011:HSE:2070481.2070501,
	Acmid = {2070501},
	Address = {New York, NY, USA},
	Author = {Carrino, Stefano and P{\'e}clat, Alexandre and Mugellini, Elena and Abou Khaled, Omar and Ingold, Rolf},
	Booktitle = {Proceedings of the 13th international conference on multimodal interfaces},
	Date-Added = {2013-11-11 21:29:55 +0000},
	Date-Modified = {2013-11-11 21:29:55 +0000},
	Doi = {10.1145/2070481.2070501},
	Isbn = {978-1-4503-0641-6},
	Keywords = {ambient intelligence, gesture recognition, multimodal interaction, pointing, wearable and pervasive computing},
	Location = {Alicante, Spain},
	Numpages = {8},
	Pages = {105--112},
	Publisher = {ACM},
	Series = {ICMI '11},
	Title = {Humans and smart environments: a novel multimodal interaction approach},
	Url = {http://doi.acm.org/10.1145/2070481.2070501},
	Year = {2011},
	Bdsk-Url-1 = {http://doi.acm.org/10.1145/2070481.2070501},
	Bdsk-Url-2 = {http://dx.doi.org/10.1145/2070481.2070501}}

@article{Bartolini:2012:RNI:2387476.2387479,
	Acmid = {2387479},
	Address = {London, UK, UK},
	Author = {Bartolini, Sara and Milosevic, Bojan and D'Elia, Alfredo and Farella, Elisabetta and Benini, Luca and Cinotti, Tullio Salmon},
	Date-Added = {2013-11-11 21:15:43 +0000},
	Date-Modified = {2013-11-11 21:15:43 +0000},
	Doi = {10.1007/s00779-011-0454-5},
	Issn = {1617-4909},
	Issue_Date = {October 2012},
	Journal = {Personal Ubiquitous Comput.},
	Keywords = {Ambient intelligence, Gesture recognition, Smart Space, Tangible user interface},
	Month = oct,
	Number = {7},
	Numpages = {14},
	Pages = {943--956},
	Publisher = {Springer-Verlag},
	Title = {Reconfigurable natural interaction in smart environments: approach and prototype implementation},
	Url = {http://dx.doi.org/10.1007/s00779-011-0454-5},
	Volume = {16},
	Year = {2012},
	Bdsk-Url-1 = {http://dx.doi.org/10.1007/s00779-011-0454-5}}

@inproceedings{Wiberg:2008:EIC:1543137.1543141,
	Acmid = {1543141},
	Address = {New York, NY, USA},
	Author = {Wiberg, Mikael and Stolterman, Erik},
	Booktitle = {Proceedings of the 7th International Conference on Mobile and Ubiquitous Multimedia},
	Date-Added = {2013-11-11 21:13:45 +0000},
	Date-Modified = {2013-11-11 21:13:45 +0000},
	Doi = {10.1145/1543137.1543141},
	Isbn = {978-1-60558-192-7},
	Keywords = {environment interaction, human-environment interaction, interactive architecture},
	Location = {Ume\{\aa}, Sweden},
	Numpages = {8},
	Pages = {15--22},
	Publisher = {ACM},
	Series = {MUM '08},
	Title = {Environment interaction: character, challenges \& implications for design},
	Url = {http://doi.acm.org/10.1145/1543137.1543141},
	Year = {2008},
	Bdsk-Url-1 = {http://doi.acm.org/10.1145/1543137.1543141},
	Bdsk-Url-2 = {http://dx.doi.org/10.1145/1543137.1543141}}

@inproceedings{Carrino:2011:ATH:2027296.2027317,
	Acmid = {2027317},
	Address = {Berlin, Heidelberg},
	Author = {Carrino, Stefano and Mugellini, Elena and Khaled, Omar Abou and Ingold, Rolf},
	Booktitle = {Proceedings of the 14th international conference on Human-computer interaction: towards mobile and intelligent interaction environments - Volume Part III},
	Date-Added = {2013-11-11 21:04:59 +0000},
	Date-Modified = {2013-11-11 21:04:59 +0000},
	Isbn = {978-3-642-21615-2},
	Keywords = {human-computer interaction, hybrid gesture recognition, multimodality, pervasive computing},
	Location = {Orlando, FL},
	Numpages = {10},
	Pages = {165--174},
	Publisher = {Springer-Verlag},
	Series = {HCII'11},
	Title = {ARAMIS: toward a hybrid approach for human- environment interaction},
	Url = {http://dl.acm.org/citation.cfm?id=2027296.2027317},
	Year = {2011},
	Bdsk-Url-1 = {http://dl.acm.org/citation.cfm?id=2027296.2027317}}
